@article{nejad_2022_wind,
  author    = {Nejad, Amir R and Keller, Jonathan and Guo, Yi and Sheng, Shawn and Polinder, Henk and Watson, Simon and Dong, Jianning and Qin, Zian and Ebrahimi, Amir and Schelenz, Ralf and Guzmán, Francisco Gutiérrez and Cornel, Daniel and Golafshan, Reza and Jacobs, Georg and Blockmans, Bart and Bosmans, Jelle and Pluymers, Bert and Carroll, James and Koukoura, Sofia and Hart, Edward and McDonald, Alasdair and Natarajan, Anand and Torsvik, Jone and Moghadam, Farid K and Daems, Pieter-Jan and Verstraeten, Timothy and Peeters, Cédric and Helsen, Jan},
  month     = {02},
  pages     = {387-411},
  publisher = {Copernicus Publications},
  title     = {Wind turbine drivetrains: State-of-the-art technologies and future development trends},
  doi       = {10.5194/wes-7-387-2022},
  url       = {https://wes.copernicus.org/articles/7/387/2022/wes-7-387-2022.html},
  urldate   = {2024-08-19},
  volume    = {7},
  year      = {2022},
  journal   = {Wind Energ. Sci.}
}

@article{davis_2023_the,
  author    = {Davis, Neil N and Badger, Jake and Hahmann, Andrea N and Hansen, Brian O and Mortensen, Niels G and Kelly, Mark and Larsén, Xiaoli G and Olsen, Bjarke T and Floors, Rogier and Lizcano, Gil and Casso, Pau and Lacave, Oriol and Bosch, Albert and Bauwens, Ides and Knight, Oliver James and Potter, Albertine and Fox, Rachel and Parvanyan, Tigran and Krohn, Bo and Heathfield, Duncan and Onninen, Marko and Drummond, Ray},
  month     = {08},
  pages     = {E1507-E1525},
  publisher = {American Meteorological Society},
  title     = {The Global Wind Atlas: A High-Resolution Dataset of Climatologies and Associated Web-Based Application},
  doi       = {10.1175/bams-d-21-0075.1},
  url       = {https://journals.ametsoc.org/view/journals/bams/104/8/BAMS-D-21-0075.1.xml},
  urldate   = {2024-08-19},
  volume    = {104},
  year      = {2023},
  journal   = {Bulletin of the American Meteorological Society}
}

@misc{globalwindenergycouncil_2019_global,
  author       = {Global Wind Energy Council},
  publisher    = {Global Wind Energy Council},
  title        = {Global Wind Report 2019},
  url          = {https://gwec.net/global-wind-report-2019/},
  urldate      = {2024-08-19},
  year         = {2019},
  organization = {Global Wind Report 2019}
}

@article{premalatha_2014_wind,
  author    = {Premalatha, M. and Abbasi, Tasneem and Abbasi, S.A},
  month     = {03},
  pages     = {270-288},
  publisher = {Elsevier BV},
  title     = {Wind energy: Increasing deployment, rising environmental concerns},
  doi       = {10.1016/j.rser.2013.11.019},
  url       = {https://www.sciencedirect.com/science/article/abs/pii/S1364032113007685},
  urldate   = {2024-08-23},
  volume    = {31},
  year      = {2014},
  journal   = {Renewable and Sustainable Energy Reviews}
}

@article{sims_2003_carbon,
  author    = {Sims, Ralph E. H. and Rogner, Hans-Holger and Gregory, Ken},
  month     = {10},
  pages     = {1315-1326},
  publisher = {Elsevier BV},
  title     = {Carbon emission and mitigation cost comparisons between fossil fuel, nuclear and renewable energy resources for electricity generation},
  doi       = {10.1016/s0301-4215(02)00192-1},
  url       = {https://www.sciencedirect.com/science/article/abs/pii/S0301421502001921},
  urldate   = {2024-08-23},
  volume    = {31},
  year      = {2003},
  journal   = {Energy Policy}
}

@article{milligan_2015_alternatives,
  author  = {Milligan, Michael and Frew, Bethany and Kirby, Brendan and Schuerger, Matt and Clark, Kara and Lew, Debbie and Denholm, Paul and Zavadil, Bob and O'Malley, Mark and Tsuchida, Bruce},
  month   = {11},
  pages   = {78-87},
  title   = {Alternatives no more: Wind and solar power are mainstays of a clean, reliable, affordable grid},
  doi     = {10.1109/mpe.2015.2462311},
  urldate = {2021-03-19},
  volume  = {13},
  year    = {2015},
  journal = {IEEE Power and Energy Magazine}
}

@article{thayer_1987_altamont,
  author    = {Thayer, Robert L and Freeman, Carla M},
  month     = {01},
  pages     = {379-398},
  publisher = {Elsevier BV},
  title     = {Altamont: Public perceptions of a wind energy landscape},
  doi       = {10.1016/0169-2046(87)90051-x},
  url       = {https://www.sciencedirect.com/science/article/abs/pii/016920468790051X},
  urldate   = {2024-08-24},
  volume    = {14},
  year      = {1987},
  journal   = {Landscape and Urban Planning}
}

@article{tampakis_2013_citizens,
  author    = {Tampakis, Stilianos and Tsantopoulos, Georgios and Arabatzis, Garyfallos and Rerras, Ioannis},
  month     = {04},
  pages     = {473-482},
  publisher = {Elsevier BV},
  title     = {Citizens’ views on various forms of energy and their contribution to the environment},
  doi       = {10.1016/j.rser.2012.12.027},
  url       = {https://www.sciencedirect.com/science/article/abs/pii/S1364032112007307?via%3Dihub},
  urldate   = {2024-08-24},
  volume    = {20},
  year      = {2013},
  journal   = {Renewable and Sustainable Energy Reviews}
}

@article{drewitt_2008_collision,
  author    = {Drewitt, Allan L and Langston, Rowena H. W.},
  month     = {06},
  pages     = {233-266},
  publisher = {Wiley},
  title     = {Collision effects of wind‐power generators and other obstacles on birds},
  doi       = {10.1196/annals.1439.015},
  url       = {https://nyaspubs.onlinelibrary.wiley.com/doi/10.1196/annals.1439.015},
  urldate   = {2024-08-24},
  volume    = {1134},
  year      = {2008},
  journal   = {Annals of the New York Academy of Sciences}
}

@article{leung_2012_wind,
  author    = {Leung, Dennis Y. C. and Yang, Yuan},
  month     = {01},
  pages     = {1031-1039},
  publisher = {Elsevier BV},
  title     = {Wind energy development and its environmental impact: A review},
  doi       = {10.1016/j.rser.2011.09.024},
  url       = {https://www.sciencedirect.com/science/article/abs/pii/S1364032111004746},
  urldate   = {2024-08-24},
  volume    = {16},
  year      = {2012},
  journal   = {Renewable and Sustainable Energy Reviews}
}

@article{chen_2024_cost,
  author    = {Chen, Shi and Xiao, Youxuan and Zhang, Chongyu and Lu, Xi and He, Kebin and Hao, Jiming},
  month     = {05},
  pages     = {100323-100323},
  publisher = {Elsevier BV},
  title     = {Cost dynamics of onshore wind energy in the context of China's carbon neutrality target},
  doi       = {10.1016/j.ese.2023.100323},
  url       = {https://www.sciencedirect.com/science/article/pii/S2666498423000881},
  urldate   = {2024-08-24},
  volume    = {19},
  year      = {2024},
  journal   = {Environmental Science and Ecotechnology}
}

@article{zhang_2012_large,
  author    = {Zhang, Sufang and Li, Xingmei},
  month     = {02},
  pages     = {1110-1115},
  publisher = {Elsevier BV},
  title     = {Large scale wind power integration in China: Analysis from a policy perspective},
  doi       = {10.1016/j.rser.2011.11.007},
  url       = {https://www.sciencedirect.com/science/article/abs/pii/S1364032111005247},
  urldate   = {2024-08-24},
  volume    = {16},
  year      = {2012},
  journal   = {Renewable and Sustainable Energy Reviews}
}

@article{kang_2012_review,
  author    = {Kang, Junjie and Yuan, Jiahai and Hu, Zhaoguang and Xu, Yan},
  month     = {05},
  pages     = {1907-1915},
  publisher = {Elsevier BV},
  title     = {Review on wind power development and relevant policies in China during the 11th Five-Year-Plan period},
  doi       = {10.1016/j.rser.2012.01.031},
  url       = {https://www.sciencedirect.com/science/article/abs/pii/S1364032112000329},
  urldate   = {2024-08-24},
  volume    = {16},
  year      = {2012},
  journal   = {Renewable and Sustainable Energy Reviews}
}

@misc{yang_2011_wind,
  author       = {Yang, Mian and Patiño-Echeverri, Dalia and Yang, Fuxia},
  publisher    = {Elsevier BV},
  title        = {Wind power generation in China: Understanding the mismatch between capacity and generation},
  url          = {https://www.researchgate.net/publication/241104193_Wind_power_generation_in_China_Understanding_the_mismatch_between_capacity_and_generation},
  urldate      = {2024-08-24},
  year         = {2011},
  organization = {ResearchGate}
}

@misc{wang_2018_review,
  author       = {Wang, Zhongying and Wang, Fengchun and Shi, Jingli and Li, Junfeng},
  title        = {Review and evaluation of the implementation of the Renewable Energy Law of China (2007)},
  url          = {https://www.researchgate.net/publication/268058592_Review_and_Evaluation_of_the_Implementation_of_the_Renewable_Energy_Law_of_China_2007},
  urldate      = {2024-08-24},
  year         = {2018},
  organization = {ResearchGate}
}

@misc{nolan_2002_china,
  author       = {Nolan, Peter},
  publisher    = {Oxford University Press},
  title        = {China and the Global Business Revolution},
  url          = {https://www.researchgate.net/publication/5208314_China_and_the_Global_Business_Revolution},
  urldate      = {2024-08-24},
  year         = {2002},
  organization = {ResearchGate}
}

@misc{lewis_2007_a,
  author       = {Lewis, Joanna I},
  publisher    = {unknown},
  title        = {A Review of the Potential International Trade Implications of Key Wind Power Industry Policies in China},
  url          = {https://www.researchgate.net/publication/237301018_A_Review_of_the_Potential_International_Trade_Implications_of_Key_Wind_Power_Industry_Policies_in_China},
  urldate      = {2024-08-24},
  year         = {2007},
  organization = {ResearchGate}
}

@article{hernndez_2017_it,
  author       = {Hernández, Javier C.},
  month        = {01},
  title        = {It Can Power a Small Nation. But This Wind Farm in China Is Mostly Idle.},
  url          = {https://www.nytimes.com/2017/01/15/world/asia/china-gansu-wind-farm.html},
  year         = {2017},
  organization = {The New York Times},
  journal      = {The New York Times}
}

@article{lewis_2007_technology,
  author    = {Lewis, Joanna I},
  month     = {11},
  pages     = {208-232},
  publisher = {Springer Science+Business Media},
  title     = {Technology Acquisition and Innovation in the Developing World: Wind Turbine Development in China and India},
  doi       = {10.1007/s12116-007-9012-6},
  url       = {https://link.springer.com/article/10.1007/s12116-007-9012-6},
  urldate   = {2024-08-25},
  volume    = {42},
  year      = {2007},
  journal   = {Studies in Comparative International Development}
}

@article{chen_2016_growing,
  author  = {Chen, Geoffrey C. and Lees, Charles},
  month   = {05},
  pages   = {574-586},
  title   = {Growing China’s renewables sector: a developmental state approach},
  doi     = {10.1080/13563467.2016.1183113},
  urldate = {2019-08-12},
  volume  = {21},
  year    = {2016},
  journal = {New Political Economy}
}

@article{mohr_2015_projection,
  author    = {Mohr, S.H and Wang, J and G. Ellem and Ward, J and D. Giurco},
  month     = {02},
  pages     = {120-135},
  publisher = {Elsevier BV},
  title     = {Projection of world fossil fuels by country},
  doi       = {10.1016/j.fuel.2014.10.030},
  url       = {https://www.sciencedirect.com/science/article/abs/pii/S0016236114010254},
  urldate   = {2024-08-25},
  volume    = {141},
  year      = {2015},
  journal   = {Fuel}
}

@article{zhang_2013_totalfactor,
  author  = {Zhang, Ning and Choi, Yongrok},
  month   = {11},
  pages   = {549-559},
  title   = {Total-factor carbon emission performance of fossil fuel power plants in China: A metafrontier non-radial Malmquist index analysis},
  doi     = {10.1016/j.eneco.2013.08.012},
  urldate = {2020-11-17},
  volume  = {40},
  year    = {2013},
  journal = {Energy Economics}
}

@article{ruizmendoza_2010_electricity,
  author  = {Ruiz-Mendoza, Belizza Janet and Sheinbaum-Pardo, Claudia},
  month   = {11},
  pages   = {6755-6766},
  title   = {Electricity sector reforms in four Latin-American countries and their impact on carbon dioxide emissions and renewable energy},
  doi     = {10.1016/j.enpol.2010.06.046},
  urldate = {2020-04-17},
  volume  = {38},
  year    = {2010},
  journal = {Energy Policy}
}

@article{trndle_2020_tradeoffs,
  author    = {Tröndle, Tim and Lilliestam, Johan and Marelli, Stefano and Pfenninger, Stefan},
  month     = {09},
  pages     = {1929-1948},
  publisher = {Elsevier BV},
  title     = {Trade-offs between geographic scale, cost, and infrastructure requirements for fully renewable electricity in Europe},
  doi       = {10.1016/j.joule.2020.07.018},
  url       = {https://www.cell.com/joule/fulltext/S2542-4351(20)30336-6?_returnURL=https%3A%2F%2Flinkinghub.elsevier.com%2Fretrieve%2Fpii%2FS2542435120303366%3Fshowall%3Dtrue&fbclid=IwAR0sW5CO_e56kErTwAPjvOwB5rAQK1lBJmbrjVFSjIBqd1FNuS90qruGSzg},
  urldate   = {2024-08-26},
  volume    = {4},
  year      = {2020},
  journal   = {Joule}
}